@electronic{hughen:2009,
  author =    {L. Hughen},
  title =     {{IEEE} Citation Reference},
  year =      {2009},
  publisher = {IEEE},
  url =       {www.ieee.org/documents/ieeecitationref.pdf}
}
