@electronic{brastold,
  organization = {Brottsförebyggande rådet},
  title        = {Anmälda brott},
  year         = {2019},
  url          = {https://www.bra.se/download/18.7d27ebd916ea64de5304d238/1585555596510/100La-2019.xls},
  urldate      = {2020-09-20}
}

@electronic{stoldskyddsforeningen,
  organization = {Stöldskyddsföreningen},
  title        = {Fungerar larm mot inbrott},
  year         = {2019},
  url          = {https://www.stoldskyddsforeningen.se/fungerar-larm-mot-inbrott/,
  urldate      = {2019-10-09}
}