@electronic{brastold,
  author =    {Brottsförebyggande rådet},
  title =     {Anmälda brott},
  year =      {2019},
  publisher = {BRA},
  url =       {https://www.bra.se/download/18.7d27ebd916ea64de5304d238/1585555596510/100La-2019.xls}
}