@electronic{hughen,
  author =    {L. Hughen},
  title =     {{IEEE} Citation Reference},
  year =      {2009},
  publisher = {IEEE},
  url =       {www.ieee.org/documents/ieeecitationref.pdf}
}

@book{dirac,
    title={The Principles of Quantum Mechanics},
    author={Paul Adrien Maurice Dirac},
    isbn={9780198520115},
    series={International series of monographs on physics},
    year={1981},
    publisher={Clarendon Press},
    keywords = {physics}
}